@article{dalton2021cglmp,
  title={The cglmp Bell inequalities},
  author={Dalton, BJ},
  journal={The European Physical Journal Special Topics},
  volume={230},
  pages={903--914},
  year={2021},
  publisher={Springer}
}
@article{Collins_2002,
   title={Bell Inequalities for Arbitrarily High-Dimensional Systems},
   volume={88},
   ISSN={1079-7114},
   url={http://dx.doi.org/10.1103/PhysRevLett.88.040404},
   DOI={10.1103/physrevlett.88.040404},
   number={4},
   journal={Physical Review Letters},
   publisher={American Physical Society (APS)},
   author={Collins, Daniel and Gisin, Nicolas and Linden, Noah and Massar, Serge and Popescu, Sandu},
   year={2002},
   month=jan }
@article{clauser1974experimental,
  title={Experimental consequences of objective local theories},
  author={Clauser, John F and Horne, Michael A},
  journal={Physical review D},
  volume={10},
  number={2},
  pages={526},
  year={1974},
  publisher={APS}
}

@article{fabbrichesi_bell_2023,
	title = {Bell inequalities and quantum entanglement in weak gauge bosons production at the {LHC} and future colliders},
	volume = {83},
	issn = {1434-6052},
	url = {http://arxiv.org/abs/2302.00683},
	doi = {10.1140/epjc/s10052-023-11935-8},
	abstract = {Quantum entanglement of weak interaction gauge bosons produced at colliders can be explored by computing the corresponding polarization density matrix. To this end, we consider the Higgs boson decays \$H{\textbackslash}to W W{\textasciicircum}*\$ and \$H{\textbackslash}to Z Z{\textasciicircum}*\$, in which \$W{\textasciicircum}*\$ and \$Z{\textasciicircum}*\$ are off-shell states, and the \$WW\$, \$WZ\$ and \$ZZ\$ di-boson production in proton collisions. The polarization density matrix of the di-boson state is determined by the amplitude of the production process and can be experimentally reconstructed from the angular distribution of the momenta of the final states into which the gauge bosons decay. We show that a suitable instance of the Bell inequality is violated in \$H{\textbackslash}to Z Z{\textasciicircum}*\$ to a degree that can be tested at the LHC with future data. The same Bell inequality is violated in the production of \$WW\$ and \$ZZ\$ boson pairs for invariant masses above 900 GeV and scattering angles close to \${\textbackslash}pi/2\$ in the center of mass frame. LHC data in this case are not sufficient to establish the violation of the Bell inequality. We also analyze the prospects for detecting Bell inequality violations in di-boson final states at future \$e{\textasciicircum}+e{\textasciicircum}-\$ and muon colliders. A further observable that provides a lower bound on the amount of polarization entanglement in the di-boson system is computed for each of the examined processes. The analytic expressions for the polarization density matrices are presented in full in an Appendix. We also provide the unitary matrices required in the optimization procedure necessary in testing the Bell inequalities.},
	number = {9},
	urldate = {2024-06-07},
	journal = {The European Physical Journal C},
	author = {Fabbrichesi, M. and Floreanini, R. and Gabrielli, E. and Marzola, L.},
	month = sep,
	year = {2023},
	note = {arXiv:2302.00683 [hep-ex, physics:hep-ph, physics:quant-ph]},
	keywords = {High Energy Physics - Experiment, High Energy Physics - Phenomenology, Quantum Physics},
	pages = {823},
	file = {arXiv Fulltext PDF:C\:\\Users\\吴友鹏\\Zotero\\storage\\LMDHISN3\\Fabbrichesi 等 - 2023 - Bell inequalities and quantum entanglement in weak.pdf:application/pdf;arXiv.org Snapshot:C\:\\Users\\吴友鹏\\Zotero\\storage\\YTQTFNNX\\2302.html:text/html},
}
@article{Bell:1964kc,
    author = "Bell, J. S.",
    title = "{On the Einstein-Podolsky-Rosen paradox}",
    reportNumber = "RX-1376",
    doi = "10.1103/PhysicsPhysiqueFizika.1.195",
    journal = "Physics Physique Fizika",
    volume = "1",
    pages = "195--200",
    year = "1964"
}

@article{Horodecki:2009zz,
    author = "Horodecki, Ryszard and Horodecki, Pawel and Horodecki, Michal and Horodecki, Karol",
    title = "{Quantum entanglement}",
    eprint = "quant-ph/0702225",
    archivePrefix = "arXiv",
    doi = "10.1103/RevModPhys.81.865",
    journal = "Rev. Mod. Phys.",
    volume = "81",
    pages = "865--942",
    year = "2009"
}


@article{Clauser:1978ng,
    author = "Clauser, John F. and Shimony, Abner",
    title = "{Bell's theorem: Experimental tests and implications}",
    doi = "10.1088/0034-4885/41/12/002",
    journal = "Rept. Prog. Phys.",
    volume = "41",
    pages = "1881--1927",
    year = "1978"
}

@article{Bernreuther:2015yna,
    author = "Bernreuther, Werner and Heisler, Dennis and Si, Zong-Guo",
    title = "{A set of top quark spin correlation and polarization observables for the LHC: Standard Model predictions and new physics contributions}",
    eprint = "1508.05271",
    archivePrefix = "arXiv",
    primaryClass = "hep-ph",
    reportNumber = "TTK-15-16",
    doi = "10.1007/JHEP12(2015)026",
    journal = "JHEP",
    volume = "12",
    pages = "026",
    year = "2015"
}

@article{Fabbrichesi:2021npl,
    author = "Fabbrichesi, M. and Floreanini, R. and Panizzo, G.",
    title = "{Testing Bell Inequalities at the LHC with Top-Quark Pairs}",
    eprint = "2102.11883",
    archivePrefix = "arXiv",
    primaryClass = "hep-ph",
    doi = "10.1103/PhysRevLett.127.161801",
    journal = "Phys. Rev. Lett.",
    volume = "127",
    number = "16",
    pages = "161801",
    year = "2021"
}

@article{Fabbrichesi:2022ovb,
    author = "Fabbrichesi, Marco and Floreanini, Roberto and Gabrielli, Emidio",
    title = "{Constraining new physics in entangled two-qubit systems: top-quark, tau-lepton and photon pairs}",
    eprint = "2208.11723",
    archivePrefix = "arXiv",
    primaryClass = "hep-ph",
    doi = "10.1140/epjc/s10052-023-11307-2",
    journal = "Eur. Phys. J. C",
    volume = "83",
    number = "2",
    pages = "162",
    year = "2023"
}


@article{Freedman:1972zza,
    author = "Freedman, Stuart J. and Clauser, John F.",
    title = "{Experimental Test of Local Hidden-Variable Theories}",
    doi = "10.1103/PhysRevLett.28.938",
    journal = "Phys. Rev. Lett.",
    volume = "28",
    pages = "938--941",
    year = "1972"
}
@article{Aspect:1982fx,
    author = "Aspect, Alain and Dalibard, Jean and Roger, Gerard",
    title = "{Experimental test of Bell's inequalities using time varying analyzers}",
    doi = "10.1103/PhysRevLett.49.1804",
    journal = "Phys. Rev. Lett.",
    volume = "49",
    pages = "1804--1807",
    year = "1982"
}

@article{CMS:2019nrx,
    author = "Sirunyan, Albert M and others",
    collaboration = "CMS",
    title = "{Measurement of the top quark polarization and $\mathrm{t\bar{t}}$ spin correlations using dilepton final states in proton-proton collisions at $\sqrt{s} =$ 13 TeV}",
    eprint = "1907.03729",
    archivePrefix = "arXiv",
    primaryClass = "hep-ex",
    reportNumber = "CMS-TOP-18-006, CERN-EP-2019-073, CMS-PAS-TOP-18-006",
    doi = "10.1103/PhysRevD.100.072002",
    journal = "Phys. Rev. D",
    volume = "100",
    number = "7",
    pages = "072002",
    year = "2019"
}


@article{ATLAS:2023fsd,
    author = "Aad, Georges and others",
    collaboration = "ATLAS",
    title = "{Observation of quantum entanglement in top-quark pairs using the ATLAS detector}",
    eprint = "2311.07288",
    archivePrefix = "arXiv",
    primaryClass = "hep-ex",
    reportNumber = "CERN-EP-2023-230",
    month = "11",
    year = "2023"
}

@article{Tornqvist:1980af,
    author = "Tornqvist, Nils A.",
    title = "{Suggestion for Einstein-podolsky-rosen Experiments Using Reactions Like $e^+ e^- \to \Lambda \bar{\Lambda} \to \pi^- p \pi^+ \bar{p}$}",
    reportNumber = "HU-TFT-80-22",
    doi = "10.1007/BF00715204",
    journal = "Found. Phys.",
    volume = "11",
    pages = "171--177",
    year = "1981"
}

@article{Baranov:2008zzb,
    author = "Baranov, S. P.",
    title = "{Bell's inequality in charmonium decays eta(c) ---\ensuremath{>} Lambda Anti-lambda, chi(c) ---\ensuremath{>} Lambda Anti-lambda and J/psi ---\ensuremath{>} Lambda Anti-lambda}",
    doi = "10.1088/0954-3899/35/7/075002",
    journal = "J. Phys. G",
    volume = "35",
    pages = "075002",
    year = "2008"
}


@article{Fabbrichesi:2023cev,
    author = "Fabbrichesi, Marco and Floreanini, Roberto and Gabrielli, Emidio and Marzola, Luca",
    title = "{Bell inequalities and quantum entanglement in weak gauge boson production at the LHC and future colliders}",
    eprint = "2302.00683",
    archivePrefix = "arXiv",
    primaryClass = "hep-ph",
    doi = "10.1140/epjc/s10052-023-11935-8",
    journal = "Eur. Phys. J. C",
    volume = "83",
    number = "9",
    pages = "823",
    year = "2023"
}

@article{Afik:2020onf,
    author = "Afik, Yoav and de Nova, Juan Ram\'on Mu\~noz",
    title = "{Entanglement and quantum tomography with top quarks at the LHC}",
    eprint = "2003.02280",
    archivePrefix = "arXiv",
    primaryClass = "quant-ph",
    doi = "10.1140/epjp/s13360-021-01902-1",
    journal = "Eur. Phys. J. Plus",
    volume = "136",
    number = "9",
    pages = "907",
    year = "2021"
}
@article{Severi:2021cnj,
    author = "Severi, Claudio and Boschi, Cristian Degli Esposti and Maltoni, Fabio and Sioli, Maximiliano",
    title = "{Quantum tops at the LHC: from entanglement to Bell inequalities}",
    eprint = "2110.10112",
    archivePrefix = "arXiv",
    primaryClass = "hep-ph",
    doi = "10.1140/epjc/s10052-022-10245-9",
    journal = "Eur. Phys. J. C",
    volume = "82",
    number = "4",
    pages = "285",
    year = "2022"
}
@article{Larkoski:2022lmv,
    author = "Larkoski, Andrew J.",
    title = "{General analysis for observing quantum interference at colliders}",
    eprint = "2201.03159",
    archivePrefix = "arXiv",
    primaryClass = "hep-ph",
    reportNumber = "SLAC-PUB-17644",
    doi = "10.1103/PhysRevD.105.096012",
    journal = "Phys. Rev. D",
    volume = "105",
    number = "9",
    pages = "096012",
    year = "2022"
}

@article{Aguilar-Saavedra:2022uye,
    author = "Aguilar-Saavedra, J. A. and Casas, J. A.",
    title = "{Improved tests of entanglement and Bell inequalities with LHC tops}",
    eprint = "2205.00542",
    archivePrefix = "arXiv",
    primaryClass = "hep-ph",
    reportNumber = "IFT-UAM/CSIC-22-45",
    doi = "10.1140/epjc/s10052-022-10630-4",
    journal = "Eur. Phys. J. C",
    volume = "82",
    number = "8",
    pages = "666",
    year = "2022"
}

@article{Afik:2022dgh,
    author = "Afik, Yoav and de Nova, Juan Ram\'on Mu\~noz",
    title = "{Quantum Discord and Steering in Top Quarks at the LHC}",
    eprint = "2209.03969",
    archivePrefix = "arXiv",
    primaryClass = "quant-ph",
    doi = "10.1103/PhysRevLett.130.221801",
    journal = "Phys. Rev. Lett.",
    volume = "130",
    number = "22",
    pages = "221801",
    year = "2023"
}

@article{Afik:2022kwm,
    author = "Afik, Yoav and de Nova, Juan Ram\'on Mu\~noz",
    title = "{Quantum information with top quarks in QCD}",
    eprint = "2203.05582",
    archivePrefix = "arXiv",
    primaryClass = "quant-ph",
    doi = "10.22331/q-2022-09-29-820",
    journal = "Quantum",
    volume = "6",
    pages = "820",
    year = "2022"
}

@article{Fabbrichesi:2023idl,
    author = "Fabbrichesi, M. and Floreanini, R. and Gabrielli, E. and Marzola, L.",
    title = "{Bell inequality is violated in $B^0\to J/\psi \, K^{\star}(892)^0$ decays}",
    eprint = "2305.04982",
    archivePrefix = "arXiv",
    primaryClass = "hep-ph",
    month = "5",
    year = "2023"
}

@article{Han:2023fci,
    author = "Han, Tao and Low, Matthew and Wu, Tong Arthur",
    title = "{Quantum Entanglement and Bell Inequality Violation in Semi-Leptonic Top Decays}",
    eprint = "2310.17696",
    archivePrefix = "arXiv",
    primaryClass = "hep-ph",
    reportNumber = "PITT-PACC-2316",
    month = "10",
    year = "2023"
}

@article{Collins:2002sun,
    author = "Collins, Daniel and Gisin, Nicolas and Linden, Noah and Massar, Serge and Popescu, Sandu",
    title = "{Bell Inequalities for Arbitrarily High-Dimensional Systems}",
    doi = "10.1103/PhysRevLett.88.040404",
    journal = "Phys. Rev. Lett.",
    volume = "88",
    number = "4",
    pages = "040404",
    year = "2002"
}

@article{Aguilar-Saavedra:2022mpg,
    author = "Aguilar-Saavedra, J. A.",
    title = "{Laboratory-frame tests of quantum entanglement in H\textrightarrow{}WW}",
    eprint = "2209.14033",
    archivePrefix = "arXiv",
    primaryClass = "hep-ph",
    reportNumber = "IFT-UAM/CSIC-22-119",
    doi = "10.1103/PhysRevD.107.076016",
    journal = "Phys. Rev. D",
    volume = "107",
    number = "7",
    pages = "076016",
    year = "2023"
}

@article{Aguilar-Saavedra:2022wam,
    author = "Aguilar-Saavedra, J. A. and Bernal, A. and Casas, J. A. and Moreno, J. M.",
    title = "{Testing entanglement and Bell inequalities in H\textrightarrow{}ZZ}",
    eprint = "2209.13441",
    archivePrefix = "arXiv",
    primaryClass = "hep-ph",
    doi = "10.1103/PhysRevD.107.016012",
    journal = "Phys. Rev. D",
    volume = "107",
    number = "1",
    pages = "016012",
    year = "2023"
}
@article{Aoude:2023hxv,
    author = "Aoude, Rafael and Madge, Eric and Maltoni, Fabio and Mantani, Luca",
    title = "{Probing new physics through entanglement in diboson production}",
    eprint = "2307.09675",
    archivePrefix = "arXiv",
    primaryClass = "hep-ph",
    reportNumber = "IRMP-CP3-23-37",
    doi = "10.1007/JHEP12(2023)017",
    journal = "JHEP",
    volume = "12",
    pages = "017",
    year = "2023"
}
@article{Barr:2021zcp,
    author = "Barr, Alan J.",
    title = "{Testing Bell inequalities in Higgs boson decays}",
    eprint = "2106.01377",
    archivePrefix = "arXiv",
    primaryClass = "hep-ph",
    doi = "10.1016/j.physletb.2021.136866",
    journal = "Phys. Lett. B",
    volume = "825",
    pages = "136866",
    year = "2022"
}
@article{Bi:2023uop,
    author = "Bi, Qi and Cao, Qing-Hong and Cheng, Kun and Zhang, Hao",
    title = "{New observables for testing Bell inequalities in $W$ boson pair production}",
    eprint = "2307.14895",
    archivePrefix = "arXiv",
    primaryClass = "hep-ph",
    month = "7",
    year = "2023"
}
@article{Ehataht:2023zzt,
    author = {Ehat\"aht, Karl and Fabbrichesi, Marco and Marzola, Luca and Veelken, Christian},
    title = "{Probing entanglement and testing Bell inequality violation with $\textrm{e}^{+}\textrm{e}^{-} \rightarrow \tau^{+}\tau^{-}$ at Belle II}",
    eprint = "2311.17555",
    archivePrefix = "arXiv",
    primaryClass = "hep-ph",
    month = "11",
    year = "2023"
}
@article{Fabbri:2023ncz,
    author = "Fabbri, Federica and Howarth, James and Maurin, Theo",
    title = "{Isolating semi-leptonic $H\rightarrow WW^{*}$decays for Bell inequality tests}",
    eprint = "2307.13783",
    archivePrefix = "arXiv",
    primaryClass = "hep-ph",
    doi = "10.1140/epjc/s10052-023-12371-4",
    journal = "Eur. Phys. J. C",
    volume = "84",
    number = "1",
    pages = "20",
    year = "2024"
}

@article{Ma:2023yvd,
    author = "Ma, Kai and Li, Tong",
    title = "{Testing Bell inequality through $h\to\tau\tau$ at CEPC}",
    eprint = "2309.08103",
    archivePrefix = "arXiv",
    primaryClass = "hep-ph",
    month = "9",
    year = "2023"
}
@article{Maina:2020rgd,
    author = "Maina, Ezio",
    title = "{Vector boson polarizations in the decay of the Standard Model Higgs}",
    eprint = "2007.12080",
    archivePrefix = "arXiv",
    primaryClass = "hep-ph",
    doi = "10.1016/j.physletb.2021.136360",
    journal = "Phys. Lett. B",
    volume = "818",
    pages = "136360",
    year = "2021"
}
@inproceedings{Marzola:2023oyv,
    author = "Marzola, Luca",
    title = "{Testing Bell inequalities and entanglement with di-boson final states}",
    booktitle = "{57th Rencontres de Moriond on Electroweak Interactions and Unified Theories}",
    eprint = "2305.08568",
    archivePrefix = "arXiv",
    primaryClass = "hep-ph",
    month = "5",
    year = "2023"
}
@article{Morales:2023gow,
    author = "Morales, R. A.",
    title = "{Exploring Bell inequalities and quantum entanglement in vector boson scattering}",
    eprint = "2306.17247",
    archivePrefix = "arXiv",
    primaryClass = "hep-ph",
    doi = "10.1140/epjp/s13360-023-04784-7",
    journal = "Eur. Phys. J. Plus",
    volume = "138",
    number = "12",
    pages = "1157",
    year = "2023"
}

@article{Barr:2024djo,
    author = "Barr, Alan J. and Fabbrichesi, Marco and Floreanini, Roberto and Gabrielli, Emidio and Marzola, Luca",
    title = "{Quantum entanglement and Bell inequality violation at colliders}",
    eprint = "2402.07972",
    archivePrefix = "arXiv",
    primaryClass = "hep-ph",
    month = "2",
    year = "2024"
}

@article{Braunstein,
  title = {Maximal violation of Bell inequalities for mixed states},
  author = {Braunstein, Samuel L. and Mann, A. and Revzen, M.},
  journal = {Phys. Rev. Lett.},
  volume = {68},
  issue = {22},
  pages = {3259--3261},
  numpages = {0},
  year = {1992},
  month = {Jun},
  publisher = {American Physical Society},
  doi = {10.1103/PhysRevLett.68.3259},
  url = {https://link.aps.org/doi/10.1103/PhysRevLett.68.3259}
}

@article{Gell-Mann:1962yej,
    author = "Gell-Mann, Murray",
    title = "{Symmetries of baryons and mesons}",
    doi = "10.1103/PhysRev.125.1067",
    journal = "Phys. Rev.",
    volume = "125",
    pages = "1067--1084",
    year = "1962"
}

@article{Alwall:2014hca,
    author = "Alwall, J. and Frederix, R. and Frixione, S. and Hirschi, V. and Maltoni, F. and Mattelaer, O. and Shao, H. -S. and Stelzer, T. and Torrielli, P. and Zaro, M.",
    title = "{The automated computation of tree-level and next-to-leading order differential cross sections, and their matching to parton shower simulations}",
    eprint = "1405.0301",
    archivePrefix = "arXiv",
    primaryClass = "hep-ph",
    reportNumber = "CERN-PH-TH-2014-064, CP3-14-18, LPN14-066, MCNET-14-09, ZU-TH-14-14",
    doi = "10.1007/JHEP07(2014)079",
    journal = "JHEP",
    volume = "07",
    pages = "079",
    year = "2014"
}

@article{Fabbrichesi:2024rec,
    author = "Fabbrichesi, M. and Floreanini, R. and Gabrielli, E. and Marzola, L.",
    title = "{Bell inequality is violated in charmonium decays}",
    eprint = "2406.17772",
    archivePrefix = "arXiv",
    primaryClass = "hep-ph",
    month = "6",
    year = "2024"
}

@article{MuonCollider:2022nsa,
    author = "Stratakis, D. and others",
    collaboration = "Muon Collider",
    title = "{A Muon Collider Facility for Physics Discovery}",
    eprint = "2203.08033",
    archivePrefix = "arXiv",
    primaryClass = "physics.acc-ph",
    month = "3",
    year = "2022"
}

@article{Aime:2022flm,
    author = "Aime, Chiara and others",
    title = "{Muon Collider Physics Summary}",
    eprint = "2203.07256",
    archivePrefix = "arXiv",
    primaryClass = "hep-ph",
    reportNumber = "FERMILAB-PUB-22-377-PPD",
    month = "3",
    year = "2022"
}

@article{Delahaye:2019omf,
    author = "Delahaye, Jean Pierre and Diemoz, Marcella and Long, Ken and Mansouli\'e, Bruno and Pastrone, Nadia and Rivkin, Lenny and Schulte, Daniel and Skrinsky, Alexander and Wulzer, Andrea",
    title = "{Muon Colliders}",
    eprint = "1901.06150",
    archivePrefix = "arXiv",
    primaryClass = "physics.acc-ph",
    month = "1",
    year = "2019"
}

@article{MuonCollider:2022xlm,
    author = "de Blas, Jorge and others",
    collaboration = "Muon Collider",
    title = "{The physics case of a 3 TeV muon collider stage}",
    eprint = "2203.07261",
    archivePrefix = "arXiv",
    primaryClass = "hep-ph",
    reportNumber = "FERMILAB-CONF-22-317-AD-ND-PPD-SCD-TD",
    month = "3",
    year = "2022"
}

@article{Gray:2021jij,
    author = "Gray, Heather M.",
    title = "{Future colliders for the high-energy frontier}",
    doi = "10.1016/j.revip.2021.100053",
    journal = "Rev. Phys.",
    volume = "6",
    pages = "100053",
    year = "2021"
}

@article{Aguilar-Saavedra:2017zkn,
    author = "Aguilar-Saavedra, J. A. and Bernab\'eu, J. and Mitsou, V. A. and Segarra, A.",
    title = "{The Z boson spin observables as messengers of new physics}",
    eprint = "1701.03115",
    archivePrefix = "arXiv",
    primaryClass = "hep-ph",
    doi = "10.1140/epjc/s10052-017-4795-8",
    journal = "Eur. Phys. J. C",
    volume = "77",
    number = "4",
    pages = "234",
    year = "2017"
}

@article{Rahaman:2021fcz,
    author = "Rahaman, Rafiqul and Singh, Ritesh K.",
    title = "{Breaking down the entire spectrum of spin correlations of a pair of particles involving fermions and gauge bosons}",
    eprint = "2109.09345",
    archivePrefix = "arXiv",
    primaryClass = "hep-ph",
    reportNumber = "HRI-RECAPP-2021-010",
    doi = "10.1016/j.nuclphysb.2022.115984",
    journal = "Nucl. Phys. B",
    volume = "984",
    pages = "115984",
    year = "2022"
}

@article{Aguilar-Saavedra:2015yza,
    author = "Aguilar-Saavedra, J. A. and Bernabeu, J.",
    title = "{Breaking down the entire W boson spin observables from its decay}",
    eprint = "1508.04592",
    archivePrefix = "arXiv",
    primaryClass = "hep-ph",
    doi = "10.1103/PhysRevD.93.011301",
    journal = "Phys. Rev. D",
    volume = "93",
    number = "1",
    pages = "011301",
    year = "2016"
}

@article{Bierlich:2022pfr,
    author = "Bierlich, Christian and others",
    title = "{A comprehensive guide to the physics and usage of PYTHIA 8.3}",
    eprint = "2203.11601",
    archivePrefix = "arXiv",
    primaryClass = "hep-ph",
    reportNumber = "LU-TP 22-16, MCNET-22-04, FERMILAB-PUB-22-227-SCD",
    doi = "10.21468/SciPostPhysCodeb.8",
    journal = "SciPost Phys. Codeb.",
    volume = "2022",
    pages = "8",
    year = "2022"
}

@article{deFavereau:2013fsa,
    author = "de Favereau, J. and Delaere, C. and Demin, P. and Giammanco, A. and Lema\^\i{}tre, V. and Mertens, A. and Selvaggi, M.",
    collaboration = "DELPHES 3",
    title = "{DELPHES 3, A modular framework for fast simulation of a generic collider experiment}",
    eprint = "1307.6346",
    archivePrefix = "arXiv",
    primaryClass = "hep-ex",
    doi = "10.1007/JHEP02(2014)057",
    journal = "JHEP",
    volume = "02",
    pages = "057",
    year = "2014"
}

@article{Forslund:2022xjq,
    author = "Forslund, Matthew and Meade, Patrick",
    title = "{High precision higgs from high energy muon colliders}",
    eprint = "2203.09425",
    archivePrefix = "arXiv",
    primaryClass = "hep-ph",
    reportNumber = "YITP-SB-22-11",
    doi = "10.1007/JHEP08(2022)185",
    journal = "JHEP",
    volume = "08",
    pages = "185",
    year = "2022"
}


@article{AlAli:2021let,
    author = "Al Ali, Hind and others",
    title = "{The muon Smasher\textquoteright{}s guide}",
    eprint = "2103.14043",
    archivePrefix = "arXiv",
    primaryClass = "hep-ph",
    doi = "10.1088/1361-6633/ac6678",
    journal = "Rept. Prog. Phys.",
    volume = "85",
    number = "8",
    pages = "084201",
    year = "2022"
}

@article{Ashby-Pickering:2022umy,
    author = "Ashby-Pickering, Rachel and Barr, Alan J. and Wierzchucka, Agnieszka",
    title = "{Quantum state tomography, entanglement detection and Bell violation prospects in weak decays of massive particles}",
    eprint = "2209.13990",
    archivePrefix = "arXiv",
    primaryClass = "quant-ph",
    doi = "10.1007/JHEP05(2023)020",
    journal = "JHEP",
    volume = "05",
    pages = "020",
    year = "2023"
}
